@online{vut-zkousky,
	author = "VUT",
    title = "Státní závěrečné zkoušky",
    url = {http://www.fit.vutbr.cz/info/szz/},
    urldate = {2014-10-10}
}

@online{zrcadlovy-galvanometr-wiki,
	author = "Wikipedia{\ }contributors",
    title = "Mirror galvanometer",
    url = {https://en.wikipedia.org/w/index.php?title=Mirror_galvanometer&oldid=1170954323},
    urldate = {2023-10-19}
}

@online{how-ls-work,
	author = "LASERFX",
    title = "How Laser Shows Work - Scanning System",
    url = {http://www.laserfx.com/Works/Works3S.html},
    urldate = {2023-10-19}
}
@online{galvo,
	author = "Ferrovial",
    title = "What is a galvanometer?",
    url = {https://www.ferrovial.com/en/stem/galvanometer},
    urldate = {2023-11-29}
}
@article{advanced-galvo,
  doi = {10.1108/02602280310481968},
  url = {https://doi.org/10.1108/02602280310481968},
  year = {2003},
  month = sep,
  publisher = {Emerald},
  volume = {23},
  number = {3},
  pages = {216--222},
  author = {Redmond P. Aylward},
  title = {Advanced galvanometer-based optical scanner design},
  journal = {Sensor Review}
}

@book{citovani,
	author = "Roman Beránek",
	title = "Proč je citování nutná pakárna",
	journal = "Rozhovory se SOČkaři",
	date = {2014-10-21},
	address = "Brno"
}